<record><leader>00000cas a22000007a 4500</leader><controlfield tag="001">14258400</controlfield><controlfield tag="008">860924d19291936paudn ne      0    0eng d</controlfield><datafield ind1=" " ind2=" " tag="010"><subfield code="a">sn 86083239 </subfield></datafield><datafield ind1=" " ind2=" " tag="040"><subfield code="a">NPH</subfield><subfield code="b">eng</subfield><subfield code="c">NPH</subfield><subfield code="d">OCLCQ</subfield></datafield><datafield ind1=" " ind2=" " tag="042"><subfield code="a">msc</subfield></datafield><datafield ind1="0" ind2="0" tag="245"><subfield code="a">Somerset daily herald.</subfield></datafield><datafield ind1="1" ind2="3" tag="246"><subfield code="a">Somerset daily herald and the Somerset bulletin</subfield></datafield><datafield ind1="1" ind2="3" tag="246"><subfield code="a">Somerset daily herald and the Somerset bulletin combined with the Somerset standard</subfield></datafield><datafield ind1=" " ind2=" " tag="260"><subfield code="a">Somerset, Pa. :</subfield><subfield code="b">Henry Baker Reiley,</subfield><subfield code="c">1929-1936.</subfield></datafield><datafield ind1=" " ind2=" " tag="300"><subfield code="a">8 v. :</subfield><subfield code="b">ill. ;</subfield><subfield code="c">57 cm.</subfield></datafield><datafield ind1=" " ind2=" " tag="310"><subfield code="a">Daily (except Sunday, July 4th and Christmas),</subfield><subfield code="b">&lt;1931&gt;</subfield></datafield><datafield ind1=" " ind2=" " tag="321"><subfield code="a">Daily (except Sunday),</subfield><subfield code="b">1929-</subfield></datafield><datafield ind1="0" ind2=" " tag="362"><subfield code="a">Vol. 1, no. 1 (July 1, 1929)-v. 8, no. 40 (Aug. 17, 1936).</subfield></datafield><datafield ind1=" " ind2=" " tag="580"><subfield code="a">Absorbed: Somerset standard (Somerset, Pa. : 1889), 1930.</subfield></datafield><datafield ind1=" " ind2=" " tag="752"><subfield code="a">United States</subfield><subfield code="b">Pennsylvania</subfield><subfield code="c">Somerset</subfield><subfield code="d">Somerset.</subfield></datafield><datafield ind1="1" ind2="5" tag="780"><subfield code="t">Somerset standard (Somerset, Pa. : 1889)</subfield></datafield><datafield ind1="0" ind2="0" tag="785"><subfield code="t">Somerset daily American</subfield><subfield code="w">(DLC)sn 86083403</subfield></datafield></record>